<record><leader>00000cas a22000007a 4500</leader><controlfield tag="001">28311570</controlfield><controlfield tag="008">930622d1904195uokuwr ne      0    0eng d</controlfield><datafield ind1=" " ind2=" " tag="010"><subfield code="a">sn 93066049 </subfield></datafield><datafield ind1=" " ind2=" " tag="040"><subfield code="a">OBN</subfield><subfield code="b">eng</subfield><subfield code="c">OBN</subfield><subfield code="d">OCL</subfield><subfield code="d">OCLCQ</subfield></datafield><datafield ind1=" " ind2=" " tag="042"><subfield code="a">msc</subfield></datafield><datafield ind1=" " ind2=" " tag="043"><subfield code="a">n-us-ok</subfield></datafield><datafield ind1="0" ind2="4" tag="245"><subfield code="a">The Butler herald.</subfield></datafield><datafield ind1=" " ind2=" " tag="260"><subfield code="a">Butler, Okla. :</subfield><subfield code="b">Hawkins &amp; Olmstead</subfield></datafield><datafield ind1=" " ind2=" " tag="300"><subfield code="a">v.</subfield></datafield><datafield ind1=" " ind2=" " tag="310"><subfield code="a">Weekly</subfield></datafield><datafield ind1="1" ind2=" " tag="362"><subfield code="a">Began in 1904.</subfield></datafield><datafield ind1=" " ind2=" " tag="588"><subfield code="a">Description based on: Vol. 1, no. 20 (Jan. 6, 1905).</subfield></datafield><datafield ind1=" " ind2="3" tag="651"><subfield code="a">Butler (Okla.)</subfield><subfield code="v">Newspapers.</subfield></datafield><datafield ind1=" " ind2="3" tag="651"><subfield code="a">Custer County (Okla.)</subfield><subfield code="v">Newspapers.</subfield></datafield><datafield ind1=" " ind2=" " tag="752"><subfield code="a">United States</subfield><subfield code="b">Oklahoma</subfield><subfield code="c">Custer</subfield><subfield code="d">Butler.</subfield></datafield><datafield ind1="0" ind2="0" tag="780"><subfield code="t">Independence herald</subfield><subfield code="w">(DLC)sn 93066048</subfield><subfield code="w">(OCoLC)28311515</subfield></datafield><datafield ind1="0" ind2="5" tag="780"><subfield code="t">Butler news</subfield><subfield code="w">(DLC)sn 96087657</subfield><subfield code="w">(OCoLC)34508749</subfield></datafield><datafield ind1="1" ind2=" " tag="029"><subfield code="a">AU@</subfield><subfield code="b">000020745722</subfield></datafield></record>